%! Author = gnom
%! Date = 08.12.22

@book{METZLER2016,
    editor={Gl{\"u}ck, Helmut and R{\"o}del, Michael},
    title={Metzler Lexikon Sprache},
    edition={5},
    publisher={J.B. Metzler},
    address={Stuttgart},
    year={2016},
    pages={Online-Ressource (XXVI, 814 S. 64 Abb., 12 Abb. in Farbe, online resource)},
    language={ger},
    isbn={978-3-476-05486-9},
    series={Springer eBook Collection},
    doi={10.1007/978-3-476-05486-9},
    keywords={Linguistik},
    url={http://dx.doi.org/10.1007/978-3-476-05486-9},
    library={UB},
}

@article{ONLINETEST,
    author = {Joshua Tenenbaum and Charles Kemp and Thomas Griffiths and Noah Goodman},
    title = {How to Grow a Mind: Statistics, Structure, and Abstraction},
    journal = {Science},
    volume = {331},
    number = {6022},
    pages = {1279-1285},
    year = {2011},
    doi = {10.1126/science.1192788},
}